<?xml version="1.0" encoding="UTF-8"?><collection xmlns="http://www.loc.gov/MARC21/slim"><record><leader>00312nam--2200121-i-4500</leader><controlfield tag="001">000034360</controlfield><controlfield tag="002">20161230</controlfield><controlfield tag="005">20161230201040</controlfield><controlfield tag="008">060222s1000------------r-----000-0-eng-d</controlfield><datafield ind1=" " ind2=" " tag="100"><subfield code="a">Noll, Edward M</subfield></datafield><datafield ind1=" " ind2=" " tag="245"><subfield code="a">Closed circuit and industrial television</subfield></datafield><datafield ind1=" " ind2=" " tag="260"><subfield code="a">New York, Mac Millan, 1956, X + 230p</subfield></datafield><datafield ind1=" " ind2=" " tag="852"><subfield code="a">12282</subfield></datafield></record></collection>